@misc{test,
	author = "Kubernetes",
	title = "Ingress",
	accessed = "June. 29, 2020",
	howpublished = "\url{https://kubernetes.io/docs/concepts/services-networking/ingress/}"
}
